<?xml version="1.0" encoding="utf-8"?>
<record xmlns="http://www.loc.gov/MARC21/slim" xmlns:xsi="http://www.w3.org/2001/XMLSchema-instance" xsi:schemaLocation="http://www.loc.gov/MARC21/slim http://www.loc.gov/standards/marcxml/schema/MARC21slim.xsd">
	<leader>     nam a22     Mi 4500</leader>
	<controlfield tag="001">316765</controlfield>
	<controlfield tag="003">NjP</controlfield>
	<controlfield tag="006">m        d        </controlfield>
	<controlfield tag="007">cr cn |||m|||a</controlfield>
	<controlfield tag="008">180802s1934    mr      o     000 0 ara d</controlfield>
	<datafield ind1="7" ind2=" " tag="024">
		<subfield code="a">princeton_aco001249</subfield>
		<subfield code="2">local</subfield>
	</datafield>
	<datafield ind1=" " ind2=" " tag="040">
		<subfield code="a">ZYU</subfield>
		<subfield code="b">eng</subfield>
		<subfield code="c">ZYU</subfield>
	</datafield>
	<datafield ind1=" " ind2=" " tag="043">
		<subfield code="a">f-mr---</subfield>
	</datafield>
	<datafield ind1=" " ind2="4" tag="050">
		<subfield code="a">BP189.7.T5</subfield>
		<subfield code="b">I55 1934</subfield>
	</datafield>
	<datafield ind1=" " ind2=" " tag="079">
		<subfield code="a">ocm80493348</subfield>
	</datafield>
	<datafield ind1="1" ind2=" " tag="100">
		<subfield code="6">880-01</subfield>
		<subfield code="a">ʻAbd Allāh, Ibrāhīm,</subfield>
		<subfield code="d">1917-</subfield>
	</datafield>
	<datafield ind1="1" ind2="0" tag="245">
		<subfield code="6">880-02</subfield>
		<subfield code="a">Kāshif al-albās ʻan fayḍat al-khatm Abī al-ʻAbbās ; Tadhyīl Kāshif al-albās ʻan fayḍat al-khatm Abī al-ʻAbbās</subfield>
		<subfield code="h">[electronic resource] /</subfield>
		<subfield code="c">li-muʼallifihi Bin al-Shaykh al-Ḥājj ʻIbd Allāh Ibrāhīm.</subfield>
	</datafield>
	<datafield ind1=" " ind2=" " tag="250">
		<subfield code="6">880-03</subfield>
		<subfield code="a">al-Ṭabʻah 1.</subfield>
	</datafield>
	<datafield ind1=" " ind2=" " tag="260">
		<subfield code="6">880-04</subfield>
		<subfield code="a">al-Dār al-Bayḍāʼ, al-Maghrib :</subfield>
		<subfield code="b">al-Maṭbaʻah al-ʻArabīyah,</subfield>
		<subfield code="c">1353 [1934 or 1935]</subfield>
	</datafield>
	<datafield ind1=" " ind2=" " tag="300">
		<subfield code="a">online resource (13, 98, 93 p.)</subfield>
	</datafield>
	<datafield ind1=" " ind2=" " tag="500">
		<subfield code="a">No collective t.p.; titles transcribed from individual title pages.</subfield>
	</datafield>
	<datafield ind1=" " ind2=" " tag="500">
		<subfield code="a">Part of the Arabic Collections Online (ACO) project, contributed by Princeton University Libraries.</subfield>
	</datafield>
	<datafield ind1=" " ind2=" " tag="533">
		<subfield code="a">Electronic reproduction.</subfield>
		<subfield code="b">New York, N.Y. :</subfield>
		<subfield code="c">New York University,</subfield>
		<subfield code="d">2018.</subfield>
		<subfield code="5">NNU</subfield>
	</datafield>
	<datafield ind1=" " ind2="0" tag="650">
		<subfield code="6">880-05</subfield>
		<subfield code="a">Tijānīyah</subfield>
		<subfield code="z">Morocco.</subfield>
	</datafield>
	<datafield ind1="1" ind2="2" tag="700">
		<subfield code="6">880-06</subfield>
		<subfield code="a">ʻAbd Allāh, Ibrāhīm,</subfield>
		<subfield code="d"> 1917-</subfield>
		<subfield code="t">Tadhyīl Kāshif al-albās ʻan fayḍat al-khatm Abī al-ʻAbbās.</subfield>
		<subfield code="f">1934. </subfield>
	</datafield>
	<datafield ind1="2" ind2=" " tag="710">
		<subfield code="a">Princeton University.</subfield>
		<subfield code="b">Library.</subfield>
	</datafield>
	<datafield ind1="0" ind2=" " tag="730">
		<subfield code="a">Arabic Collections Online.</subfield>
	</datafield>
	<datafield ind1="0" ind2=" " tag="740">
		<subfield code="6">880-07</subfield>
		<subfield code="a">Tadhyīl Kāshif al-albās ʻan fayḍat al-khatm Abī al-ʻAbbās.</subfield>
	</datafield>
	<datafield ind1="0" ind2="8" tag="776">
		<subfield code="i">Print version:</subfield>
		<subfield code="a">ʻAbd Allāh, Ibrāhīm, 1917-</subfield>
		<subfield code="t">Kāshif al-albās ʻan fayḍat al-khatm Abī al-ʻAbbās ; Tadhyīl Kāshif al-albās ʻan fayḍat al-khatm Abī al-ʻAbbās</subfield>
		<subfield code="w">(NjP)316765</subfield>
	</datafield>
	<datafield ind1="4" ind2="0" tag="856">
		<subfield code="u">http://hdl.handle.net/2333.1/66t1g742</subfield>
	</datafield>
	<datafield ind1="1" ind2=" " tag="880">
		<subfield code="6">100-01</subfield>
		<subfield code="a">عبد الله، ابراهيم،‎</subfield>
		<subfield code="d">1917-</subfield>
	</datafield>
	<datafield ind1="1" ind2="0" tag="880">
		<subfield code="6">245-02</subfield>
		<subfield code="a">كاشف الالباس عن فيضة الختم ابي العباس ؛ تذييل كاشف الالباس عن فيضة الختم ابي العباس /‎</subfield>
		<subfield code="c">لمؤلفه بن الشيخ الحاج عبد الله ابراهيم.‎</subfield>
	</datafield>
	<datafield ind1=" " ind2=" " tag="880">
		<subfield code="6">250-03</subfield>
		<subfield code="a">الطبعة 1.‎</subfield>
	</datafield>
	<datafield ind1=" " ind2=" " tag="880">
		<subfield code="6">260-04</subfield>
		<subfield code="a">الدار البيضاء، المغرب :‎</subfield>
		<subfield code="b">المطبعة العربية،‎</subfield>
		<subfield code="c">1353 [1934 or 1935]</subfield>
	</datafield>
	<datafield ind1=" " ind2="4" tag="880">
		<subfield code="6">650-05</subfield>
		<subfield code="a">تجانية‎</subfield>
		<subfield code="z">Morocco..</subfield>
	</datafield>
	<datafield ind1="1" ind2="2" tag="880">
		<subfield code="6">700-06</subfield>
		<subfield code="a">عبد الله، ابراهيم،‎</subfield>
		<subfield code="d">1917-</subfield>
		<subfield code="t">تذييل كاشف الالباس عن فيضة الختم ابي العباس.‎</subfield>
		<subfield code="f">1934.</subfield>
	</datafield>
	<datafield ind1="0" ind2=" " tag="880">
		<subfield code="6">740-07</subfield>
		<subfield code="a">تذييل كاشف الالباس عن فيضة الختم ابي العباس.‎</subfield>
	</datafield>
	<datafield ind1=" " ind2=" " tag="911">
		<subfield code="a">19921028</subfield>
	</datafield>
	<datafield ind1=" " ind2=" " tag="912">
		<subfield code="a">19910104000000.0</subfield>
	</datafield>
	<datafield ind1=" " ind2=" " tag="959">
		<subfield code="a">NNU</subfield>
		<subfield code="b">WEB</subfield>
		<subfield code="c">GENI</subfield>
		<subfield code="t">0</subfield>
		<subfield code="m">Electronic access</subfield>
		<subfield code="s">01</subfield>
	</datafield>
	<datafield ind1=" " ind2=" " tag="999">
		<subfield code="a">316765</subfield>
		<subfield code="e">(ERROR-MISC)</subfield>
		<subfield code="i">NjP_316765</subfield>
		<subfield code="s">princeton_aco001249</subfield>
	</datafield>
</record>
